<?xml version="1.0" encoding="UTF-8"?><collection xmlns="http://www.loc.gov/MARC21/slim"><record><leader>00878nam--2200169-i-4500</leader><controlfield tag="001">000044258</controlfield><controlfield tag="002">20161230</controlfield><controlfield tag="005">20161230201044</controlfield><controlfield tag="008">060222s1000------------r-----000-0-eng-d</controlfield><datafield ind1=" " ind2=" " tag="040"><subfield code="a">IFIN-HH</subfield></datafield><datafield ind1=" " ind2=" " tag="080"><subfield code="a">533.9.01(061.3)</subfield></datafield><datafield ind1="1" ind2=" " tag="110"><subfield code="a">International Centre for Theoretical Physics, Trieste</subfield></datafield><datafield ind1="1" ind2="0" tag="245"><subfield code="a">Theoretical and computational plasma physics</subfield><subfield code="b">Selected lectures presented at two meetings, both held at the international centre for theoretical physics. trieste; the ictp college on theoretical and computational plasma physics 22 march to 9 april 1977 and the third international ('kiev') conference ON PLASMA THEORY 5 TO 9 APRIL 1977 ORGANIZED BY THE ACADEMY OF SCIENCES OF THE UKRAINIAN SSR AND THE ACADEMY OF SICENCES OF THE USSR</subfield></datafield><datafield ind1=" " ind2=" " tag="260"><subfield code="a">Vienna, International Atomic Energy Agency, 1978</subfield></datafield><datafield ind1=" " ind2=" " tag="300"><subfield code="a">516P</subfield></datafield><datafield ind1=" " ind2=" " tag="852"><subfield code="a">45602</subfield><subfield code="c">533.9</subfield></datafield><datafield ind1=" " ind2=" " tag="CAT"><subfield code="a">Sys</subfield><subfield code="c">20100928</subfield><subfield code="h">124813</subfield></datafield></record></collection>